@article{Aspnes1985,
  doi = {10.1103/physrevlett.54.1956},
  url = {https://doi.org/10.1103/physrevlett.54.1956},
  year = {1985},
  month = apr,
  publisher = {American Physical Society ({APS})},
  volume = {54},
  number = {17},
  pages = {1956--1959},
  author = {D. E. Aspnes and A. A. Studna},
  title = {Anisotropies in the Above{\textemdash}Band-Gap Optical Spectra of Cubic Semiconductors},
  journal = {Physical Review Letters}
}

@article{LastrasMartnez1993,
  doi = {10.1063/1.1143952},
  url = {https://doi.org/10.1063/1.1143952},
  year = {1993},
  month = aug,
  publisher = {{AIP} Publishing},
  volume = {64},
  number = {8},
  pages = {2147--2152},
  author = {L. F. Lastras-Mart{\'{\i}}nez and A. Lastras-Mart{\'{\i}}nez and R. E. Balderas-Navarro},
  title = {A spectrometer for the measurement of reflectance-difference spectra},
  journal = {Review of Scientific Instruments}
}

@article{Binnig1986,
  doi = {10.1103/physrevlett.56.930},
  url = {https://doi.org/10.1103/physrevlett.56.930},
  year = {1986},
  month = mar,
  publisher = {American Physical Society ({APS})},
  volume = {56},
  number = {9},
  pages = {930--933},
  author = {G. Binnig and C. F. Quate and Ch. Gerber},
  title = {Atomic Force Microscope},
  journal = {Physical Review Letters}
}